


@article{
	id:EDA_BrendaMichelson,
	added-at 				= {2008-05-09T21:07:34.000+0200},
	author 					= {Michelson, M.},
	biburl 					= {http://www.bsonomy.org/bibtex/20478a5324dc478053fce758679f727cc/atrus},
	interhash 				= {f26143f085d5315b053d7ae0a5ef},
	intrahash 				= {0478a5324dc478053fce758679f727cc},
	journal 				= {Patricia Seybold Group, Feb},
	keywords 				= {EDA event architecture overview},
	timestamp 				= {2008-05-09T21:07:34.000+0200},
	title 					= {Event-Driven Architecture Overview},
	year 					= 2006
}

@misc{
	id:EDA_GartnerSummit,
	added-at 				= {2009-10-30T03:47:36.000+0100},
	author 					= {Chandy, Mani K.},
	biburl 					= {http://www.bibsonomy.org/bibtex/285e88179844def2cdf1b12f59bdcdc69/pminervini},
	description 			= {events},
	interhash 				= {695a148b918ee050671d4f1daee6d1f3},
	intrahash				= {85e88179844def2cdf1b12f59bdcdc69},
	keywords				= {imported},
	publisher 				= {Gartner Application Integration and Web Services Summit 2006},
	timestamp				= {2009-10-30T03:47:38.000+0100},
	title				 	= {Event-Driven Applications: Costs, Benefits and Design Approaches},
	year 					= 2006
}

%TODO tutaj dodam jeszcze konkretna strone 
@misc{id:ieee2000_Architecture,
	added-at			    = {2006-08-23T22:17:59.000+0200},
	biburl 					= {http://www.bibsonomy.org/bibtex/2b60769b8bdd7e9d9ff81b66bae5a621a/mstrohm},
	institution 			= {IEEE Architecture Working IEEE},
	interhash				= {2a41fc8e7bfa088a95b895fd9df28a8b},
	intrahash 				= {b60769b8bdd7e9d9ff81b66bae5a621a},
	keywords 				= {enterprise-architecture software-architecture},
	pages 					= {1--23},
	publisher 				= {IEEE},
	timestamp				= {2006-08-23T22:17:59.000+0200},
	title					= {Recommended practice for architectural description of software-intensive systems},
	note              = {{IEEE} Std 1471-2000}
	year 					= 2000
}

 


@misc{id:ieee2011_Architecture,
	added-at 				= {2013-03-04T18:01:46.000+0100},
	institution				= {ISO/IEC/IEEE},
	biburl 					= {http://www.bibsonomy.org/bibtex/27f1bf1f6675a8d557d76347a3411f76f/andiv},
	interhash 				= {e96b79e49ee2e838643b5457da531198},
	intrahash 				= {7f1bf1f6675a8d557d76347a3411f76f},
	note  					= {ISO/IEC/IEEE 42010:2011(E) (Revision of ISO/IEC 42010:2007 and IEEE Std 1471-2000)},
	keywords 				= {42010 IEEE ISO},
	timestamp				= {2013-03-04T18:01:46.000+0100},
	title 					= {Systems and software engineering -- Architecture description},
	year					= 2011
}



%TODO misc czy artykul?
@misc{
	id:ibm_Architecture,
	author					= {Eeles, Peter},
	title					= {What is a software architecture?},
	publisher 				= {IBM},
	year 					= 2006,
	howpublished			= {\url{https://www.ibm.com/developerworks/rational/library/feb06/eeles/}}
}

%TODO poprawnosc oznaczenia szkoly
@masterthesis {
	id:maximeKlusman,
	author 					= {Klusman, Maxime},
	title 					= {Event Driven Architecture in software development projects},
	school 					= {Radboud University, Nijmegen},
	year					= 2016
}

%TODO dodac pages? KS: Dla książki nie podaje się stron.
@Book{
	id:DDD_Evans,	
	Title                  	= {Domain-Driven Design},
	Author                 	= {Eric Evans},
	Publisher              	= {Helion},
	Year                 	= {2015},	
	Address           		= {Gliwice},	
	ISBN               		= {978-83-283-0525-0}
}

@Book{
	id:CleanCode,	
	Title                  	= {Czysty kod. Podręcznik dobrego programisty},
	Author                 	= {Robert C. Martin},
	Publisher              	= {Helion},
	Year                 	= {2010},	
	Address           		= {Gliwice},	
	ISBN               		= {978-83-283-0234-1}
}

@Book{
	id:bylina,	
	Title                  	= {Przegląd języków i paradygmatów programowania},
	Author                 	= {Jarosław Bylina and Beata Bylina},
	Publisher              	= {Uniwersytet Marii Curie-Skłodowskiej w Lublinie},
	Year                 	= {2011},	
	Address           		= {Lublin},	
	ISBN               		= {978-83-62773-00-8}
}

@misc {
	id:sobotka_SDJ-DDD,
	Title                  	= {Domain Driven Design - Sposób na projektowanie złożonych modeli biznesowych},
	Author                 	= {Sławomir Sobótka},
	howpublished			= {\url{https://bottega.com.pl/pdf/materialy/sdj-ddd.pdf}, [data dostępu: 01 stycznia 2018]}
}

@misc {
	id:sobotka_DDD1,
	Title                  	= {Domain Driven Design krok po kroku. Część I: Podstawowe Building Blocks DDD},
	Author                 	= {Sławomir Sobótka},
	howpublished			= {\url{https://bottega.com.pl/pdf/materialy/ddd/ddd1.pdf}, [data dostępu: 01 stycznia 2018]}
}

@article{id:hohpe2006programming,
   journal                 = {Objektspektrum},
   volume                  = {2},   
	added-at               	= {2012-11-16T16:00:28.000+0100},
	author                 	= {Hohpe, Gregor},
	biburl               	= {http://www.bibsonomy.org/bibtex/2432e9d5a647093a11090d1321380b6e9/flrnb},
	interhash              	= {70eb67a4da35ae0521e863fed1aebb55},
	intrahash             	= {432e9d5a647093a11090d1321380b6e9},
	keywords           		= {asynchronous event},
	timestamp              	= {2012-11-20T16:17:00.000+0100},
	title              		= {Programming Without a Call Stack – Event-driven Architectures},
	howpublished            = {\url{http://www.eaipatterns.com/docs/EDA.pdf}},
	year                 	= 2006
	
}

@inproceedings{id:Multitenancy,
	added-at = {2012-05-29T00:00:00.000+0200},
	author = {Krebs, Rouven and Momm, Christof and Kounev, Samuel},
	biburl = {http://www.bibsonomy.org/bibtex/20c555d89b54a9a991742f9c09a0597d8/dblp},
	booktitle = {CLOSER},
	crossref = {conf/closer/2012},
	editor = {Leymann, Frank and Ivanov, Ivan I. and van Sinderen, Marten and Shan, Tony},
	interhash = {f199070ffa27002fd6d5b884c57b0c9e},
	intrahash = {0c555d89b54a9a991742f9c09a0597d8},
	isbn = {978-989-8565-05-1},
	keywords = {dblp},
	pages = {426-431},
	publisher = {SciTePress},
	timestamp = {2016-03-04T11:54:43.000+0100},
	title = {Architectural Concerns in Multi-tenant SaaS Applications.},
	url = {http://dblp.uni-trier.de/db/conf/closer/closer2012.html#KrebsMK12},
	year = 2012
}

@misc{
	id:IOC_DI_Fowler,
	Title                  	= {Inversion of Control Containers and the Dependency Injection pattern},
	Author                 	= {Martin Fowler},
	howpublished			= {\url{https://www.martinfowler.com/articles/injection.html} [data dostępu: 30 grudnia 2017]}
}

@misc{id:RabbitMQ,
	title = {RabbitMQ},
	howpublished = {\url{https://www.rabbitmq.com/} [data dostępu: 26 grudnia 2017]},
}

@misc{id:MVNrepository,
	title = {Maven repository},
	howpublished = {\url{https://mvnrepository.com/} [data dostępu: 27 grudnia 2017]},
}

@misc{id:Vaadin,
	title = {Vaadin},
	howpublished = {\url{https://vaadin.com/} [data dostępu: 28 grudnia 2017]},
}

@misc{id:Spring,
	title = {Spring},
	howpublished = {\url{https://spring.io/} [data dostępu: 28 grudnia 2017]},
}

@misc{id:ApacheTomcat,
	title = {Apache Tomcat},
	howpublished = {\url{http://tomcat.apache.org/} [data dostępu: 1 stycznia 2018]},
}

@misc{id:Hibernate,
	title = {Hibernate},
	howpublished = {\url{http://hibernate.org/} [data dostępu: 1 stycznia 2018]},
}

@misc{id:PostgreSQL,
	title = {PostgreSQL},
	howpublished = {\url{https://www.postgresql.org/} [data dostępu: 1 stycznia 2018]},
}

@misc{id:pgAdmin,
	title = {pgAdmin},
	howpublished = {\url{https://www.pgadmin.org/} [data dostępu: 1 stycznia 2018]},
}

@misc{id:Maven,
	title = {Maven},
	howpublished = {\url{https://maven.apache.org/} [data dostępu: 1 stycznia 2018]},
}

@misc{id:aScTimetables,
	title = {aScTimetables},
	howpublished = {\url{https://www.asctimetables.com/} [data dostępu: 1 stycznia 2018]},
}

@misc{id:nPlan,
	title = {nPlan},
	howpublished = {\url{http://nszkola.pl/program-plan-lekcji} [data dostępu: 1 stycznia 2018]},
}

% ksiazka

@Book{id:Leski2008systemyneuronoworozmyte,

   Title                    = {Systemy neuronowo-rozmyte},

   Author                   = {Jacek {\L}{\k{e}}ski},

   Publisher                = {Wydawnictwa Naukowo-Techniczne},

   Year                     = {2008},

   Address                  = {Warszawa},

   ISBN                     = {978-83-204-3229-9}

}


% artykul w czasopismie

@Article{id:Leski2006supportvectorregression,

   Title                    = {On support vector regression machines with linguistic interpretation of the kernel matrix},

   Author                   = {Jacek {\L}{\k{e}}ski},

   Journal                  = {Fuzzy Sets and Systems},

   Year                     = {2006},

   Number                   = {8},

   Pages                    = {1092--1113},

   Volume                   = {157}

}


% artykul konferencyjny

@InProceedings{id:Ubeyli2006fuzzysimilarityindex,

   Title                    = {Fuzzy Similarity Index For Discrimination of EEG Signals},

   Author                   = {Elif Derya \"{U}beyli},

   Booktitle                = {{EMBS}'06. 28th Annual International Conference of the IEEE Engineering in Medicine and Biology Society},

   Year                     = {2006},

   Month                    = {September},

   Pages                    = {5346--5349}

}



% raport techniczny
@TechReport{id:Reenskaug1979Thing,
   author = {Trygve Reenskaug},
   title = {THING-MODEL-VIEW-EDITOR, an Example from a planning system},
   institution = {Xerox},
   year = {1979},
}




% inny 
@misc{id:Angular,
	howpublished={\url{https://angularjs.org/}},
	title={{AngularJS}},
	note= {[data dostępu: 21 grudnia 2014]},
}





















